@article { DynamicalTestsofaDeepLearningWeatherPredictionModel,
      author = "Gregory J. Hakim and Sanjit Masanam",
      title = "Dynamical Tests of a Deep-Learning Weather Prediction Model",
      journal = "Artificial Intelligence for the Earth Systems",
      year = "2024",
      publisher = "American Meteorological Society",
      address = "Boston MA, USA",
      doi = "10.1175/AIES-D-23-0090.1",
      url = "https://journals.ametsoc.org/view/journals/aies/aop/AIES-D-23-0090.1/AIES-D-23-0090.1.xml"
}