@article{Weatherbench,
      title={WeatherBench 2: A benchmark for the next generation of data-driven global weather models}, 
      author={Stephan Rasp and Stephan Hoyer and Alexander Merose and Ian Langmore and Peter Battaglia and Tyler Russel and Alvaro Sanchez-Gonzalez and Vivian Yang and Rob Carver and Shreya Agrawal and Matthew Chantry and Zied Ben Bouallegue and Peter Dueben and Carla Bromberg and Jared Sisk and Luke Barrington and Aaron Bell and Fei Sha},
      year={2024},
      eprint={2308.15560},
      archivePrefix={arXiv},
      primaryClass={physics.ao-ph}
}
@article{Karina,
      title={KARINA: An Efficient Deep Learning Model for Global Weather Forecast}, 
      author={Minjong Cheon and Yo-Hwan Choi and Seon-Yu Kang and Yumi Choi and Jeong-Gil Lee and Daehyun Kang},
      year={2024},
      eprint={2403.10555},
      archivePrefix={arXiv},
      primaryClass={cs.LG}
}

@article{fuxi,
      title={FuXi: A cascade machine learning forecasting system for 15-day global weather forecast}, 
      author={Lei Chen and Xiaohui Zhong and Feng Zhang and Yuan Cheng and Yinghui Xu and Yuan Qi and Hao Li},
      year={2023},
      eprint={2306.12873},
      archivePrefix={arXiv},
      primaryClass={physics.ao-ph}
}
@misc{panguweather,
      title={Pangu-Weather: A 3D High-Resolution Model for Fast and Accurate Global Weather Forecast}, 
      author={Kaifeng Bi and Lingxi Xie and Hengheng Zhang and Xin Chen and Xiaotao Gu and Qi Tian},
      year={2022},
      eprint={2211.02556},
      archivePrefix={arXiv},
      primaryClass={physics.ao-ph}
}
@misc{graphcast,
      title={GraphCast: Learning skillful medium-range global weather forecasting}, 
      author={Remi Lam and Alvaro Sanchez-Gonzalez and Matthew Willson and Peter Wirnsberger and Meire Fortunato and Ferran Alet and Suman Ravuri and Timo Ewalds and Zach Eaton-Rosen and Weihua Hu and Alexander Merose and Stephan Hoyer and George Holland and Oriol Vinyals and Jacklynn Stott and Alexander Pritzel and Shakir Mohamed and Peter Battaglia},
      year={2023},
      eprint={2212.12794},
      archivePrefix={arXiv},
      primaryClass={cs.LG}
}
@misc{keisler,
      title={Forecasting Global Weather with Graph Neural Networks}, 
      author={Ryan Keisler},
      year={2022},
      eprint={2202.07575},
      archivePrefix={arXiv},
      primaryClass={physics.ao-ph}
}
@misc{keiser-github,
  title = {Graph Weather Implementation of the Graph Weather paper in PyTorch},
  author = {OpenClimateFix},
  year = {2022},
  howpublished = {\url{https://github.com/openclimatefix/graph_weather}},
  note = {Accessed: 9th April 2024}
}

@misc{graphcast-github,
  title = {graphcast},
  author = {{Google DeepMind}},
  howpublished = {\url{https://github.com/google-deepmind/graphcast}},
  year = {2023},
  note = {Accessed: 9th April 2024}
}

@misc{pangu-weather-Github,
  title = {Pangu-Weather},
  author = {198808xc},
  year = {2023},
  howpublished = {\url{https://github.com/198808xc/Pangu-Weather}},
  note = {Accessed: 9th April 2024}
}

@misc{fuxi-repo,
  title = {Fuxi},
  author = {tpys},
  year = {2023},
  howpublished = {\url{https://github.com/tpys/fuxi}},
  note = {Accessed: 9th April 2024}
}

@misc{pfaff,
      title={Learning Mesh-Based Simulation with Graph Networks}, 
      author={Tobias Pfaff and Meire Fortunato and Alvaro Sanchez-Gonzalez and Peter W. Battaglia},
      year={2021},
      eprint={2010.03409},
      archivePrefix={arXiv},
      primaryClass={cs.LG}
}
@misc{LAM,
      title={Graph-based Neural Weather Prediction for Limited Area Modeling}, 
      author={Joel Oskarsson and Tomas Landelius and Fredrik Lindsten},
      year={2023},
      eprint={2309.17370},
      archivePrefix={arXiv},
      primaryClass={cs.LG}
}
@inproceedings{Raynaud2024,
    author = {Raynaud, L. and Brochet, C. and Moldovan, G.},
    title = {{ML} for weather prediction at {M'et'eo-France} : current status and future plans},
    booktitle = {EGU General Assembly 2024, Vienna, Austria, 14--19 Apr 2024},
    pages = {EGU24-1675},
    year = {2024},
    doi = {10.5194/egusphere-egu24-1675},
    url = {https://doi.org/10.5194/egusphere-egu24-1675}
}

@misc{karina-code,
  title = {karina: Kubernetes Platform Toolkit},
  author = {flanksource},
  year = {2024},
  howpublished = {\url{https://github.com/flanksource/karina}},
  note = {Consulté le 18 avril 2024}
}
@misc{neural-lam,
  title = {Neural Weather Prediction for Limited Area Modeling},
  author = {Oskarsson, Joel and Landelius, Tomas and Lindsten, Fredrik},
  year = {2023},
  howpublished = {\url{https://github.com/joeloskarsson/neural-lam}},
  note = {Consulté le 18 avril 2024}
}
@misc{liu2022convnet,
      title={A ConvNet for the 2020s}, 
      author={Zhuang Liu and Hanzi Mao and Chao-Yuan Wu and Christoph Feichtenhofer and Trevor Darrell and Saining Xie},
      year={2022},
      eprint={2201.03545},
      archivePrefix={arXiv},
      primaryClass={cs.CV}
}
@misc{liu2021swin,
      title={Swin Transformer: Hierarchical Vision Transformer using Shifted Windows}, 
      author={Ze Liu and Yutong Lin and Yue Cao and Han Hu and Yixuan Wei and Zheng Zhang and Stephen Lin and Baining Guo},
      year={2021},
      eprint={2103.14030},
      archivePrefix={arXiv},
      primaryClass={cs.CV}
}
@misc{cheon2024advancing,
      title={Advancing Data-driven Weather Forecasting: Time-Sliding Data Augmentation of ERA5}, 
      author={Minjong Cheon and Daehyun Kang and Yo-Hwan Choi and Seon-Yu Kang},
      year={2024},
      eprint={2402.08185},
      archivePrefix={arXiv},
      primaryClass={cs.AI}
}
@misc{vaswani2023attention,
      title={Attention Is All You Need}, 
      author={Ashish Vaswani and Noam Shazeer and Niki Parmar and Jakob Uszkoreit and Llion Jones and Aidan N. Gomez and Lukasz Kaiser and Illia Polosukhin},
      year={2023},
      eprint={1706.03762},
      archivePrefix={arXiv},
      primaryClass={cs.CL}
}
@misc{dosovitskiy2021image,
      title={An Image is Worth 16x16 Words: Transformers for Image Recognition at Scale}, 
      author={Alexey Dosovitskiy and Lucas Beyer and Alexander Kolesnikov and Dirk Weissenborn and Xiaohua Zhai and Thomas Unterthiner and Mostafa Dehghani and Matthias Minderer and Georg Heigold and Sylvain Gelly and Jakob Uszkoreit and Neil Houlsby},
      year={2021},
      eprint={2010.11929},
      archivePrefix={arXiv},
      primaryClass={cs.CV}
}
@misc{pathak2022fourcastnet,
      title={FourCastNet: A Global Data-driven High-resolution Weather Model using Adaptive Fourier Neural Operators}, 
      author={Jaideep Pathak and Shashank Subramanian and Peter Harrington and Sanjeev Raja and Ashesh Chattopadhyay and Morteza Mardani and Thorsten Kurth and David Hall and Zongyi Li and Kamyar Azizzadenesheli and Pedram Hassanzadeh and Karthik Kashinath and Animashree Anandkumar},
      year={2022},
      eprint={2202.11214},
      archivePrefix={arXiv},
      primaryClass={physics.ao-ph}
}
@article{padding2002,
author = {Kathleen C. Anderson and Gaea Leinhardt},
title = {Maps as Representations: Expert Novice Comparison of Projection Understanding},
journal = {Cognition and Instruction},
volume = {20},
number = {3},
pages = {283--321},
year = {2002},
publisher = {Routledge},
doi = {10.1207/S1532690XCI2003\_1},
URL = {https://doi.org/10.1207/S1532690XCI2003_1},
eprint = { https://doi.org/10.1207/S1532690XCI2003_1}
}

@article {riseofdatadriven,
      author = "Zied Ben Bouallègue and Mariana C A Clare and Linus Magnusson and Estibaliz Gascón and Michael Maier-Gerber and Martin Janoušek and Mark Rodwell and Florian Pinault and Jesper S Dramsch and Simon T K Lang and Baudouin Raoult and Florence Rabier and Matthieu Chevallier and Irina Sandu and Peter Dueben and Matthew Chantry and Florian Pappenberger",
      title = "The rise of data-driven weather forecasting: A first statistical assessment of machine learning-based weather forecasts in an operational-like context",
      journal = "Bulletin of the American Meteorological Society",
      year = "2024",
      publisher = "American Meteorological Society",
      address = "Boston MA, USA",
      doi = "10.1175/BAMS-D-23-0162.1",
      url = "https://journals.ametsoc.org/view/journals/bams/aop/BAMS-D-23-0162.1/BAMS-D-23-0162.1.xml"
}
@article { DynamicalTestsofaDeepLearningWeatherPredictionModel,
      author = "Gregory J. Hakim and Sanjit Masanam",
      title = "Dynamical Tests of a Deep-Learning Weather Prediction Model",
      journal = "Artificial Intelligence for the Earth Systems",
      year = "2024",
      publisher = "American Meteorological Society",
      address = "Boston MA, USA",
      doi = "10.1175/AIES-D-23-0090.1",
      url = "https://journals.ametsoc.org/view/journals/aies/aop/AIES-D-23-0090.1/AIES-D-23-0090.1.xml"
}